<?xml version="1.0" encoding="UTF-8"?><collection xmlns="http://www.loc.gov/MARC21/slim"><record><leader>00471nam--2200121-i-4500</leader><controlfield tag="001">000026663</controlfield><controlfield tag="002">20161230</controlfield><controlfield tag="005">20161230201036</controlfield><controlfield tag="008">060222s1000------------r-----000-0-eng-d</controlfield><datafield ind1=" " ind2=" " tag="100"><subfield code="a">Klatte, Heinrich</subfield></datafield><datafield ind1=" " ind2=" " tag="245"><subfield code="a">Zum problem der interkristallinen - und der spannungskorrosion an den homogenen kupfer gold und kupfer - zink - und an ausscheidungs fahigen aluminiu - zink - magnesium - mischkris</subfield></datafield><datafield ind1=" " ind2=" " tag="260"><subfield code="a">Sounderdruck Aus Werkstoffe Und Korrosion 7, 1956, 24p</subfield></datafield><datafield ind1=" " ind2=" " tag="852"><subfield code="a">6182</subfield></datafield></record></collection>